 @misc{ wiki:kendall,
   author = "{W}ikipedia",
   title = "{K}endall's notation --- {W}ikipedia{,} {T}he {F}ree {E}ncyclopedia",
   year = "2014",
   url = "\url{http://en.wikipedia.org/w/index.php?title=Kendall%27s_notation&oldid=604010372}",
   note = "[Online; accessed 4-June-2014]"
 }

 @misc{ wiki:mm1,
   author = "{W}ikipedia",
   title = "{M/M/1} queue --- {W}ikipedia{,} {T}he {F}ree {E}ncyclopedia",
   year = "2014",
   url = "\url{http://en.wikipedia.org/w/index.php?title=M/M/1_queue&oldid=590997467}",
   note = "[Online; accessed 4-June-2014]"
 }

 @misc{ wiki:polylogarithm,
   author = "{W}ikipedia",
   title = "{P}olylogarithm --- {W}ikipedia{,} {T}he {F}ree {E}ncyclopedia",
   year = "2014",
   url = "\url{http://en.wikipedia.org/w/index.php?title=Polylogarithm&oldid=594681948}",
   note = "[Online; accessed 4-June-2014]"
 }

 @misc{ wiki:geometric,
   author = "{W}ikipedia",
   title = "{G}eometric series --- {W}ikipedia{,} {T}he {F}ree {E}ncyclopedia",
   year = "2014",
   url = "\url{http://en.wikipedia.org/w/index.php?title=Geometric_series&oldid=611339144}",
   note = "[Online; accessed 8-June-2014]"
 }

 @misc{ wiki:series,
   author = "{W}ikipedia",
   title = "{L}ist of mathematical series --- {W}ikipedia{,} {T}he {F}ree {E}ncyclopedia",
   year = "2014",
   url = "\url{http://en.wikipedia.org/w/index.php?title=List_of_mathematical_series&oldid=607112599}",
   note = "[Online; accessed 8-June-2014]"
 }
